<?xml version="1.0" encoding="utf-8"?>
<record xmlns="http://www.loc.gov/MARC21/slim" xmlns:xsi="http://www.w3.org/2001/XMLSchema-instance" xsi:schemaLocation="http://www.loc.gov/MARC21/slim http://www.loc.gov/standards/marcxml/schema/MARC21slim.xsd">
	<leader>     nam a22     Mi 4500</leader>
	<controlfield tag="001">3072</controlfield>
	<controlfield tag="003">aeadna</controlfield>
	<controlfield tag="006">m        d        </controlfield>
	<controlfield tag="007">cr cn |||m|||a</controlfield>
	<controlfield tag="008">200219m19111914ua    0fo  ara0d1 0dara d</controlfield>
	<datafield ind1=" " ind2=" " tag="040">
		<subfield code="a">ZYU</subfield>
		<subfield code="b">ara</subfield>
		<subfield code="c">ZYU</subfield>
	</datafield>
	<datafield ind1="0" ind2=" " tag="041">
		<subfield code="a">ara</subfield>
	</datafield>
	<datafield ind1=" " ind2=" " tag="043">
		<subfield code="a">a-ye---</subfield>
	</datafield>
	<datafield ind1=" " ind2="4" tag="050">
		<subfield code="a">DS247.Y4</subfield>
		<subfield code="b">.K5</subfield>
	</datafield>
	<datafield ind1=" " ind2=" " tag="066">
		<subfield code="c">(3</subfield>
	</datafield>
	<datafield ind1="1" ind2=" " tag="100">
		<subfield code="a">الخزرجي، علي بن حسن،</subfield>
		<subfield code="d"> -1409 أو 1410.</subfield>
	</datafield>
	<datafield ind1="1" ind2="0" tag="245">
		<subfield code="a">كتاب العقود اللؤلؤية في تاريخ الدولة الرسولية</subfield>
		<subfield code="h">[electronic resource] /</subfield>
		<subfield code="c">علي بن الحسن الخزرجي؛ عني بتصحيحه وتنقيحه محمد بسيوني عسل</subfield>
	</datafield>
	<datafield ind1="3" ind2="0" tag="246">
		<subfield code="a">العقود اللؤلؤية في تاريخ الدولة الرسولية</subfield>
	</datafield>
	<datafield ind1="1" ind2="5" tag="246">
		<subfield code="a">The Pearl-Strings: a history of the Resuliyy dynasty of Yemen</subfield>
	</datafield>
	<datafield ind1=" " ind2=" " tag="260">
		<subfield code="a">الفجالة [القاهرة]:</subfield>
		<subfield code="b">مطبعة الهلال بالفجالة بمصر،</subfield>
		<subfield code="c">1911م.</subfield>
	</datafield>
	<datafield ind1=" " ind2=" " tag="300">
		<subfield code="a">online resource (2 ج. (449 ص. ، 493 ص.)؛)</subfield>
	</datafield>
	<datafield ind1=" " ind2=" " tag="500">
		<subfield code="a">مقدمة وصفحة عنوان باللغة الإنجليزية</subfield>
	</datafield>
	<datafield ind1=" " ind2=" " tag="500">
		<subfield code="a">تنويه: ظهر تاريخ النشر على صفحة العنوان باللغة الإنجليزية ، v.4,1913 للمجلد الأول 1911.  وظهر تاريخ النشر على صفحة العنوان باللغة الإنجليزية، 1914 للمجلد الثاني،v.5, 1918</subfield>
	</datafield>
	<datafield ind1=" " ind2=" " tag="500">
		<subfield code="a">سنة النشر على صفحة العنوان باللغة العربية للمجلد الأول1911، و للمجلد الثاني 1914. ليدن، بريل.</subfield>
	</datafield>
	<datafield ind1=" " ind2=" " tag="500">
		<subfield code="a">&quot; طبع على نفقة أوقاف ذكرى المغفور له مستر جب &quot;</subfield>
	</datafield>
	<datafield ind1=" " ind2=" " tag="500">
		<subfield code="a">سنة النشر على صفحة العنوان باللغة الإنجليزية للمجلد الأول1913، و للمجلد الثاني 1918. ليدن، بريل.('E. J.W. Gibb Memorial' Series)</subfield>
	</datafield>
	<datafield ind1=" " ind2=" " tag="500">
		<subfield code="a">Part of the Arabic Collections Online (ACO) project, contributed by United Arab Emirates National Archives.</subfield>
	</datafield>
	<datafield ind1=" " ind2=" " tag="533">
		<subfield code="a">Electronic reproduction.</subfield>
		<subfield code="b">New York, N.Y. :</subfield>
		<subfield code="c">New York University,</subfield>
		<subfield code="d">2020.</subfield>
		<subfield code="5">NNU</subfield>
	</datafield>
	<datafield ind1=" " ind2="4" tag="650">
		<subfield code="a">الدولة الرسولية</subfield>
		<subfield code="x">تاريخ</subfield>
		<subfield code="y">الأعمال المبكرة حتى 1800</subfield>
	</datafield>
	<datafield ind1=" " ind2="4" tag="651">
		<subfield code="a">اليمن</subfield>
		<subfield code="x">تاريخ</subfield>
		<subfield code="y">الأعمال المبكرة حتى 1800</subfield>
	</datafield>
	<datafield ind1=" " ind2="4" tag="651">
		<subfield code="a">اليمن</subfield>
		<subfield code="x">تاريخ</subfield>
		<subfield code="y">الدولة الرسولية</subfield>
		<subfield code="y">الأعمال المبكرة حتى 1800</subfield>
	</datafield>
	<datafield ind1="1" ind2=" " tag="700">
		<subfield code="a">عسل، محمد بسيوني</subfield>
		<subfield code="e">مصحح ومنقح</subfield>
	</datafield>
	<datafield ind1="2" ind2=" " tag="710">
		<subfield code="a">Abu Dhabi (United Arab Emirates).</subfield>
		<subfield code="b">National Archives.</subfield>
	</datafield>
	<datafield ind1="0" ind2=" " tag="730">
		<subfield code="a">Arabic Collections Online.</subfield>
	</datafield>
	<datafield ind1="0" ind2=" " tag="775">
		<subfield code="a">الخزرجي، علي بن حسن</subfield>
		<subfield code="b">ط. 2</subfield>
		<subfield code="d">صنعاء : مركز الدراسات والبحوث اليمني، 1983م.</subfield>
		<subfield code="t">كتاب العقود اللؤلؤية في تاريخ الدولة الرسولية /</subfield>
	</datafield>
	<datafield ind1="0" ind2="8" tag="776">
		<subfield code="i">Print version:</subfield>
		<subfield code="a">الخزرجي، علي بن حسن، -1409 أو 1410.</subfield>
		<subfield code="t">كتاب العقود اللؤلؤية في تاريخ الدولة الرسولية</subfield>
		<subfield code="w">(aeadna)3072</subfield>
	</datafield>
	<datafield ind1="4" ind2="0" tag="856">
		<subfield code="u">http://hdl.handle.net/2333.1/8sf7m904</subfield>
	</datafield>
	<datafield ind1=" " ind2=" " tag="949">
		<subfield code="a">DS247.Y4 .K5 1911</subfield>
		<subfield code="v">1</subfield>
		<subfield code="w">DDC</subfield>
		<subfield code="i">30018000000287</subfield>
		<subfield code="u">06/01/2003</subfield>
		<subfield code="d">07/12/2009</subfield>
		<subfield code="n">0</subfield>
		<subfield code="t">Book</subfield>
		<subfield code="l">av</subfield>
		<subfield code="m">MAIN</subfield>
		<subfield code="x">RAR</subfield>
	</datafield>
	<datafield ind1=" " ind2=" " tag="949">
		<subfield code="a">DS247.Y4 .K5 1911</subfield>
		<subfield code="v">2</subfield>
		<subfield code="w">DDC</subfield>
		<subfield code="i">30018000000286</subfield>
		<subfield code="u">06/01/2003</subfield>
		<subfield code="d">07/12/2009</subfield>
		<subfield code="n">0</subfield>
		<subfield code="t">Book</subfield>
		<subfield code="l">av</subfield>
		<subfield code="m">MAIN</subfield>
		<subfield code="x">RAR</subfield>
	</datafield>
	<datafield ind1=" " ind2=" " tag="949">
		<subfield code="a">DS247.Y4 .K5 1911</subfield>
		<subfield code="v">1</subfield>
		<subfield code="w">DDC</subfield>
		<subfield code="i">30018000000279</subfield>
		<subfield code="u">06/01/2003</subfield>
		<subfield code="d">07/12/2009</subfield>
		<subfield code="n">0</subfield>
		<subfield code="t">Book</subfield>
		<subfield code="l">av</subfield>
		<subfield code="m">MAIN</subfield>
		<subfield code="x">RAR</subfield>
	</datafield>
	<datafield ind1=" " ind2=" " tag="949">
		<subfield code="a">DS247.Y4 .K5 1911</subfield>
		<subfield code="v">2</subfield>
		<subfield code="w">DDC</subfield>
		<subfield code="i">30018000000280</subfield>
		<subfield code="u">06/01/2003</subfield>
		<subfield code="d">07/12/2009</subfield>
		<subfield code="n">0</subfield>
		<subfield code="t">Book</subfield>
		<subfield code="l">av</subfield>
		<subfield code="m">MAIN</subfield>
		<subfield code="x">RAR</subfield>
	</datafield>
	<datafield ind1=" " ind2=" " tag="959">
		<subfield code="a">NNU</subfield>
		<subfield code="b">WEB</subfield>
		<subfield code="c">GENI</subfield>
		<subfield code="t">0</subfield>
		<subfield code="m">Electronic access</subfield>
		<subfield code="s">01</subfield>
	</datafield>
	<datafield ind1=" " ind2=" " tag="999">
		<subfield code="i">aeadna_3072</subfield>
		<subfield code="s">uaena_aco000011:1</subfield>
		<subfield code="s">uaena_aco000012:2</subfield>
		<subfield code="e">(ERROR-880)</subfield>
	</datafield>
</record>
